@book{book:maschek13,
  author       = "Maschek, U.",
	title        = "Sicherung des Schienenverkehrs",
  publisher    = "Springer Vieweg",
  year         = "2013",
  edition      = "$2^{nd}$",
}

@book{book:pachl08,
  author       = "Pachl, J.",
	title        = "Systemtechnik des Schienenverkehrs",
  publisher    = "Vieweg+Teubner",
  year         = "2013",
  edition      = "$5^{th}$",
}

@book{book:lorenz98,
  author       = "Lorenz, M.",
	title        = "Stellwerkstechnik, Band 1: Bahnhofssicherungstechnik",
  publisher    = "Eigenverlag",
  year         = "1998",
}

@book{book:signalbuch,
  author       = "{DB Netz AG}",
	title        = "Richtlinie 301 – Signalbuch",
  year         = "2013",
  edition      = "$7^{th}$",
}

@article{article:UzamJones98,
  author       = "Uzam, M. and Jones, A. H.",
	title        = "Discrete Event Control System Design Using Automation Petri Nets and their Ladder Diagram Implementation",
  journal      = "The International Journal of Advanced manufacturing Technology",
  year         = "1998",
  volume       = {14},
  pages        = {716--728},
}

@article{article:RussoLadenberger12,
  author       = "Russo, A. G. Jr and Ladenberger, L.",
	title        = "A Formal Approach to Safety Verification of Railway Signaling Systems",
  publisher    = "IEEE",
  year         = "2012",
}

@article{article:KaymakciAnikUstoglu10,
  author       = "Kaymak{\c{c}\i}, {\"O}. and Anik, V. G. and {\"U}sto{\u{g}}lu, {\.I}.",
	title        = "A local modular supervisory controller for a real railway station",
  journal      = "System Safety 2010, 5th IET International Conference on ",
  publisher    = "IET",
  year         = "2010",
}

@article{article:SenerKaymakciUstogluCansever,
  author       = "{\c{S}}ener, {\.I}. and Kaymak{\c{c}\i}, {\"O}. T. and {\"U}sto{\u{g}}lu, {\.I}. and Cansever, G.",
	title        = "Specification and formal verification of safety properties in point automation system",
}

@article{article:DincelErisKurtulan2013,
  author       = "Dincel, E. and Eris, O. and Kurtulan, S.",
	title        = "Automata-Based Railway Signaling and Interlocking System Design",
  journal      = "IEEE Antennas and Propagation Magazine",
  publisher    = "IEEE",
  year         = "2013",
  volume       = {55},
  number       = {4},
  pages        = {309--319},
}

@article{article:YildirimDurmusSoylemez10,
  author       = "Y{\i}ld{\i}r{\i}m, U. and Durmu\c{s}, M. S. and S{\"o}ylemez, M. T.",
	title        = "Fail-Safe Signalization and Interlocking Design for a Railway Yard: An Automation Petri Net Approach",
  journal      = "Proceedings of 7th International Symposium on Intelligent and Manufacturing Systems (IMS 2010)",
  year         = "2010",
  pages        = {461-470},
}

@article{article:YildirimDurmusSoylemez11i,
  author       = "Y{\i}ld{\i}r{\i}m, U. and Durmu\c{s}, M. S. and S{\"o}ylemez, M. T.",
	title        = "Application of Functional Safety on Railways Part {I}: Modelling {\&} Design",
  journal      = "Proceedings of 2011 8th Asian Control Conference (ASCC)",
  publisher    = "IEEE",
  year         = "2011",
  pages        = {1090--1095},
}

@article{article:YildirimDurmusSoylemez11ii,
  author       = "Y{\i}ld{\i}r{\i}m, U. and Durmu\c{s}, M. S. and S{\"o}ylemez, M. T.",
	title        = "Application of Functional Safety on Railways Part {II}: Software Development",
  journal      = "Proceedings of 2011 8th Asian Control Conference (ASCC)",
  publisher    = "IEEE",
  year         = "2011",
  pages        = {1096--1101},
}

@article{article:KurtulanEris11iii,
  author       = "Kurtulan, S. and Eris, O.",
	title        = "Application of Functional Safety on Railways Part {III}: Modelling {\&} Design",
  journal      = "Proceedings of 2011 8th Asian Control Conference (ASCC)",
  publisher    = "IEEE",
  year         = "2011",
  pages        = {1102--1104},
}

@article{article:YildirimDurmusSoylemez114,
  author       = "Y{\i}ld{\i}r{\i}m, U. and Durmu\c{s}, M. S. and S{\"o}ylemez, M. T.",
	title        = "Automatic Generation of Interlocking Table for Railway Signalization Systems",
  year         = "2011",
}

@article{article:YildirimDurmusSoylemez12,
  author       = "Durmu\c{s}, Mustafa S. and Y{\i}ld{\i}r{\i}m, U\u{g}ur and S{\"o}ylemez, Mehmet T.",
	title        = "Automatic Generation of Petri Net Supervisors for Railway Interlocking Design",
  journal      = "Engineers Australia, 2012 Australian Control Conference",
  year         = "2012",
  pages        = {180--185},
}

@article{article:DurmusSoylemez09,
  author       = "Durmu\c{s}, Mustafa S. and S{\"o}ylemez, Mehmet T.",
	title        = "Railway Signalization and Interlocking Design via Automation Petri Nets",
  journal      = "Proceedings of the 7th Asian Control Conference, Hong Kong, China, August 27-29, 2009",
  year         = "2009",
  pages        = {1558--1563},
}

@article{article:KuzuSongulerSonatTurkBirolDogruguven11,
  author       = "Kuzu, A. and Songuler, O. and Sonat, A. and Turk, S. and Birol, B. and Dogruguven, E. H.",
	title        = "Automatic Interlocking Table Generation from Railway Topology",
  journal      = "Proceedings of the 2011 IEEE International Conference on Mechatronics, April 13-15, 2011, Istanbul, Turkey",
  publisher    = "IEEE",
  year         = "2011",
  pages        = {64--70},
}

@article{article:ZhengNaiDongChenYang12,
  author       = "Zheng, W. and Nai, W. and Dong, D. and Chen, S. and Yang, W.",
	title        = "Design of Turnout Points Interlocking Control System in Switchback Station for Shanghai Metro Line 16 Based on Fail-Safe Principle",
  journal      = "2012 International Conference on Systems and Informatics (ICSAI 2012)",
  year         = "2012",
  pages        = {404--408},
}

@article{article:YongYaowei13,
  author       = "Yong, Z. and Yaowei, S.",
	title        = "A Method for Automatic Generation of Track Layout Graph Based on Visio Secondary Development",
  journal      = "2013 Fourth International Conference on Intelligent Control and Information Processing (ICICIP)",
  publisher    = "IEEE",
  year         = "2013",
}

@article{article:Zheng09,
  author       = "Zheng, Wei",
	title        = "Modeling and Hazard Analysis of Railway Station Protection System Based on Stochastic Petri Nets",
  journal      = "8th International Conference on Reliability, Maintainability and Safety, 2009. ICRMS 2009.",
  publisher    = "IEEE",
  year         = "2009",
  pages        = {493--496},
}

@article{article:CaoXuTangWangZhao11,
  author       = "Cao, Y. and Xu, T. and Tang, T. and Wang, H. and Zhao, L.",
	title        = "Automatic Generation and Verification of Interlocking Tables Based on Domain Specific Language for Computer Based Interlocking Systems (DSL-CBI)",
  publisher    = "IEEE",
  year         = "2011",
  pages        = {511--515},
}
	
@article{article:JoHwangYoon09,
  author       = "Jo, H.-Y. and Hwang, J.-G. and Yoon, Y.-K.",
	title        = "Formal Requirements Specification in Safety-critical Railway Signaling System",
  journal      = "IEEE T{\&}D Asia 2009",
  publisher    = "IEEE",
  year         = "2009",
}

@article{article:SvendsenMollerHaugenEndresenCarlson10,
  author       = "Svendsen, A. and M{\o}ller-Pedersen, B. and Haugen, {\O}. and Endresen, J. and Carlson, E.",
	title        = "Formalizing train control language: automating analysis of train stations",
  journal      = "WIT Transactions on The Built Environment",
  publisher    = "WIT Press",
  year         = "2010",
  volume       = {114},
  pages        = {245--256},
}

@article{article:HagalislettoBjorkChiehYuEnger07,
  author       = "Hagalisletto, Anders Moen and Bj{\o}rk, Joakim and Chieh Yu, Ingrid and Enger, P{\aa}l ",
	title        = "Constructing and Refining Large-Scale Railway Models Represented by Petri Nets",
  journal      = "IEEE TRANSACTIONS ON SYSTEMS, MAN, AND CYBERNETICS—PART C: APPLICATIONS AND REVIEWS",
  publisher    = "IEEE",
  year         = "2007",
  volume       = {37},
  number       = {4},
  pages        = {444--460},
}

@article{article:KansoMollerSetzer09,
  author       = "Kanso, K. and Moller, F. and Setzer, A.",
	title        = "Automated Verification of Signalling Principles in Railway Interlocking Systems",
  journal      = "Electronic Notes in Theoretical Computer Science",
  publisher    = "Elsevier",
  year         = "2009",
  volume       = {250},
  pages        = {19--31},
}

@article{article:Haxthausen14,
  author       = "Haxthausen, A. E.",
	title        = "Automated generation of formal safety conditions from railway interlocking tables",
  journal      = "Int J Softw Tools Technol Transfer",
  publisher    = "Springer",
  year         = "2014",
  volume       = {16},
  pages        = {713--726},
}

@article{article:Winter2002,
  author       = "Winter, K.",
	title        = "Model Checking Railway Interlocking Systems",
  journal      = "Conferences in Research and Practice in Information Technology",
  publisher    = "Australian Computer Society Inc.",
  year         = "2002",
  volume       = {4},
}

@article{article:ChevillatCarringtonStrooperSuessWildman08,
  author       = "Chevillat, C. and Carrington, D. and Strooper, P. and S{\"u}{\ss}, J. G. and Wildman, L.",
	title        = "Model-Based Generation of Interlocking Controller Software from Control Tables",
  journal      = "I. Schieferdecker and A. Hartman (Eds.): ECMDA-FA 2008, LNCS 5095",
  publisher    = "Springer-Verlag Berlin Heidelberg",
  year         = "2008",
  pages        = {349--360},
}

@article{article:GiuaSeatzu08,
  author       = "Giua, A. and Seatzu, C.",
	title        = "Modeling and Supervisory Control of Railway Networks Using Petri Nets",
  journal      = "IEEE Transactions on Automation Science and Engineering",
  publisher    = "IEEE",
  year         = "2008",
  volume       = {5},
  number       = {3},
  pages        = {431--445},
}

@article{article:MockiVlacic13,
  author       = "Mocki, J. and Vlacic, L.",
	title        = "Railway interlocking process - building a base for formal methods",
  publisher    = "IEEE",
  year         = "2013",
}

@article{article:dto13a,
  author       = "T{\"o}pel, D. and Hosseini-Dinani, S. and Gaus, L. and B{\"o}rcs{\"o}k, J.",
	title        = "Software for Calculation of complex safety Parameters for Systems in safety critical Applications",
	journal      = "International Conference; 12th, Circuits, systems, electronics, control and signal processing; Recent advances in circuits, systems and automatic control",
  year         = "2013",
  pages        = {122--128},
}

@article{article:dto15a,
  author       = "T{\"o}pel, D. and B{\"o}rcs{\"o}k, J.",
	title        = "Formal model for generating railway interlocking software based on a modularized track model",
  publisher    = "????",
	journal      = "17th International Conference on Mathematical Methods, Computational Techniques and Intelligent Systems (MAMECTIS '15)",
  year         = "2015",
}

@article{article:RufMatejkaSekaj14,
  author       = "Ruf, A. and Matejka, E. and Sekaj, I.",
	title        = "Train Control System Without Interlocking",
  publisher    = "IEEE",
  year         = "2014",
  pages        = {490--493},
}

@article{article:JacobsenMollerThesis,
  author       = "Jacobsen, Lasse and Jacobsen, Morten and J{\o}rgensen, Kenneth Yrke and M{\o}ller, Mikael H.",
	title        = "Modelling and Verification of Timed-Arc Petri Nets",
  publisher    = "Master Thesis, Aalborg University, Department of Computer Science",
  year         = "2010",
}

@MISC{n.n.02high-levelpetri,
  author = {n.n.},
  title = {High-level Petri Nets -- Concepts, Definitions and Graphical Notation},
  year = {2002}
}

@INPROCEEDINGS{Byg09tapaal:editor,
  author = {Joakim Byg and Kenneth Yrke J{\o}rgensen},
  title = {TAPAAL: Editor, simulator and verifier of timed-arc Petri nets},
  booktitle = {Proceedings of the 7th International Symposium on Automated Technology for Verification and Analysis (ATVA’09), volume 5799 of LNCS},
  year = {2009},
  publisher = {SpringerVerlag}
}
		
@MISC{DavidTapaal12,
  author = {David, Re and Jacobsen, Lasse and Jacobsen, Morten and J{\o}rgensen, Kenneth Yrke and M{\o}ller, Mikael H. and Srba, Ji{\v{r}}{\'{\i}}},
  title = {TAPAAL 2.0: Integrated Development Environment for Timed-Arc Petri Nets},
  year = {2012},
  publisher = "TACAS'12"
}

@article{article:RenZhou95,
  author       = "Ren, X. and Zhou, M. C.",
	title        = "Tactical Scheduling of Rail Operations: A Petri Net Approach",
  publisher    = "IEEE",
	journal      = "Int. Conf. on Systems, Man and Cybernetics",
  year         = "1995",
	pages        = "3087-3092"
}

@article{article:Hoerste99,
  author       = "H{\"o}rste, M. M. ",
	title        = "Modeling and Simulation of Train Control Sytems using Petri Nets",
	journal      = "World Congress on Formal Methods in the Development of Computing Systems, vol. 1709 of Lecture Notes in Computer Science",
  year         = "1999",
	pages        = "1867-1883"
}

@article{article:HeiTakahashiNakamura06,
  author       = "Hei, X. and Takahashi, S. and Nakamura, H.",
	title        = "Distributed Interlocking System and its Safety Verification",
  volume       = "2",
	journal      = "Proc. of the 6th World Congress on Intelligent Control and Automation",
  year         = "2006",
	pages        = "8612-8615"
}

@article{article:HeiTakahashiNakamura08,
  author       = "Hei, X. and Takahashi, S. and Nakamura, H.",
	title        = "Toward Developing a Decentralized Railway Signalling System Using Petri Nets",
  publisher    = "IEEE",
	journal      = "Conf. on Robotics, Automation and Mechatronics",
  year         = "2006",
	pages        = "851-855"
}

@article{article:Anunchai09,
  author       = "Anunchai, S. V.",
	title        = "Verification of Railway Interlocking Tables Using Coloured Petri Nets",
	journal      = "10th Workshop and Tutorial on Practical Use of Coloured Petri Nets and the CPN Tools",
  year         = "2009",
	pages        = "139-158"
}
